<record><leader>02201cjm a2200421 a 4500</leader><controlfield tag="001">1408420</controlfield><controlfield tag="007">sd bumennmplue</controlfield><controlfield tag="008">911008s1985    xx mu               eng c</controlfield><datafield ind1="0" ind2="1" tag="028"><subfield code="a">92 52841</subfield><subfield code="b">Warner Bros. Records</subfield></datafield><datafield ind1=" " ind2=" " tag="035"><subfield code="a">ocm70353174</subfield></datafield><datafield ind1=" " ind2=" " tag="040"><subfield code="b">eng</subfield></datafield><datafield ind1=" " ind2=" " tag="049"><subfield code="a">AEU</subfield><subfield code="b">eng</subfield></datafield><datafield ind1=" " ind2="3" tag="055"><subfield code="a">M 1527</subfield><subfield code="b">M987 1985</subfield></datafield><datafield ind1="0" ind2=" " tag="090"><subfield code="a">M 1527 M987 1985</subfield></datafield><datafield ind1="0" ind2="0" tag="245"><subfield code="a">Music from Rustlers' rhapsody and other songs</subfield><subfield code="h">[sound recording].</subfield></datafield><datafield ind1=" " ind2=" " tag="260"><subfield code="a">[S.l.] :</subfield><subfield code="b">Warner Bros. Records,</subfield><subfield code="c">c1985.</subfield></datafield><datafield ind1=" " ind2=" " tag="300"><subfield code="a">1 sound disc :</subfield><subfield code="b">analog, 33 1/3 rpm ;</subfield><subfield code="c">12 in.</subfield></datafield><datafield ind1=" " ind2=" " tag="336"><subfield code="a">performed music</subfield><subfield code="b">prm</subfield><subfield code="2">rdacontent</subfield></datafield><datafield ind1=" " ind2=" " tag="337"><subfield code="a">audio</subfield><subfield code="b">s</subfield><subfield code="2">rdamedia</subfield></datafield><datafield ind1=" " ind2=" " tag="338"><subfield code="a">audio disc</subfield><subfield code="b">sd</subfield><subfield code="2">rdacarrier</subfield></datafield><datafield ind1=" " ind2=" " tag="500"><subfield code="a">Warner Bros. Records: 92 52841.</subfield></datafield><datafield ind1=" " ind2=" " tag="500"><subfield code="a">"This album contains additional songs and recordings which are not contained in the motion picture."--container.</subfield></datafield><datafield ind1="0" ind2=" " tag="505"><subfield code="a">Lasso the moon / S. Dorff, M. Brown (Gary Morris) (3:26) -- I break horses, not hearts / S. Dorff, M. Brown, N. Masters (Nitty Gritty Dirt Band) (2:37) -- I ride alone / S. Dorff, M. Brown (John Anderson) (3:04) -- Crumbling stumbleweed / Pinkard, Bowden, Strandlund (Pinkard &amp; Bowden) (2:33) -- Lasso the moon : instrumental / S. Dorff, M. Brown (Charlie McCoy) (3:32) -- Sidewinder's symphony / P. Tillis, R. Carnes, J. Carnes (Pam Tillis) (3:20) -- Prairie rose / S. Dorff, M. Brown (Randy Travis) (3:17) -- Bull rider / R. Crowell (Karen Brooks) (3:03) -- I break horses, not hearts : instrumental / S. Dorff, M. Brown (Charlie McCoy) (1:35) -- Last of the silver screen cowboys / S. Dorff, M. Brown, S. Garrett (Rex Allen, Jr. with Roy Rogers &amp; Rex Allen, Sr.) (3:23)</subfield></datafield><datafield ind1=" " ind2=" " tag="596"><subfield code="a">38</subfield></datafield><datafield ind1=" " ind2="0" tag="650"><subfield code="a">Motion picture music.</subfield></datafield><datafield ind1=" " ind2="0" tag="650"><subfield code="a">Country music</subfield><subfield code="y">1981-1990.</subfield></datafield><datafield ind1="1" ind2=" " tag="700"><subfield code="a">Morris, Gary.</subfield></datafield><datafield ind1="1" ind2=" " tag="700"><subfield code="a">Anderson, John.</subfield></datafield><datafield ind1="1" ind2=" " tag="700"><subfield code="a">McCoy, Charlie.</subfield></datafield><datafield ind1="1" ind2=" " tag="700"><subfield code="a">Tillis, Pam.</subfield></datafield><datafield ind1="1" ind2=" " tag="700"><subfield code="a">Brooks, Karen.</subfield></datafield><datafield ind1="1" ind2=" " tag="700"><subfield code="a">Allen, Rex,</subfield><subfield code="d">1924-</subfield></datafield><datafield ind1="1" ind2=" " tag="700"><subfield code="a">Allen, Rex,</subfield><subfield code="c">Jr.</subfield></datafield><datafield ind1="1" ind2=" " tag="700"><subfield code="a">Rogers, Roy,</subfield><subfield code="d">1911-1998.</subfield></datafield><datafield ind1="1" ind2=" " tag="700"><subfield code="a">Travis, Randy.</subfield></datafield><datafield ind1="2" ind2=" " tag="710"><subfield code="a">Nitty Gritty Dirt Band.</subfield></datafield><datafield ind1="2" ind2=" " tag="710"><subfield code="a">Pinkard &amp; Bowden.</subfield></datafield><datafield ind1=" " ind2=" " tag="926"><subfield code="a">M 1527 M987 1985</subfield><subfield code="w">LC</subfield><subfield code="c">1</subfield><subfield code="i">000037824943</subfield><subfield code="l">ON_SHELF</subfield><subfield code="m">UABARD</subfield><subfield code="p">$150.00</subfield><subfield code="r">Y</subfield><subfield code="s">Y</subfield><subfield code="t">MUSICSOUND</subfield><subfield code="u">10/17/1991</subfield><subfield code="o">.STAFF. C0013612</subfield></datafield></record>